<?xml version="1.0" encoding="UTF-8"?><collection xmlns="http://www.loc.gov/MARC21/slim"><record><leader>00500nam--2200157-i-4500</leader><controlfield tag="001">000012565</controlfield><controlfield tag="002">20161230</controlfield><controlfield tag="005">20170218234424</controlfield><controlfield tag="008">060222s1000------------r-----000-0-eng-d</controlfield><datafield ind1=" " ind2=" " tag="245"><subfield code="a">New variational techniques in mathematical physics. II Ciclo Bressanone, 17-26 giugno, 1973. coordinatori:</subfield></datafield><datafield ind1=" " ind2=" " tag="260"><subfield code="a">Roma</subfield><subfield code="b">Edizioni Cremonese</subfield><subfield code="c">1974</subfield></datafield><datafield ind1=" " ind2=" " tag="300"><subfield code="a">420 p</subfield></datafield><datafield ind1=" " ind2=" " tag="490"><subfield code="a">Centro Internazionale Matematico Estivo (Cime)</subfield></datafield><datafield ind1=" " ind2=" " tag="700"><subfield code="a">Stampacchia, G</subfield></datafield><datafield ind1=" " ind2=" " tag="852"><subfield code="a">45673</subfield><subfield code="c">517</subfield></datafield><datafield ind1=" " ind2=" " tag="CAT"><subfield code="a">SYS</subfield><subfield code="c">20170218</subfield><subfield code="h">234424</subfield></datafield></record></collection>